<?xml version="1.0" encoding="UTF-8"?>
<collection xmlns="http://www.loc.gov/MARC21/slim">
  <record>
    <leader>01541cai a2200349Ia 4500</leader>
    <controlfield tag="001">amanagedPurlItem1Collection</controlfield>
    <controlfield tag="008">040727c20049999nyuuu dss     0    2eng d</controlfield>
    <datafield tag="245" ind1="0" ind2="0">
      <subfield code="a">Managed PURL Item with 1 Collection</subfield>
    </datafield>
    <datafield tag="856" ind1="4" ind2="0">
      <subfield code="u">http://purl.stanford.edu/nz353cp1092</subfield>
      <subfield code="x">SDR-PURL</subfield>
      <subfield code="x">item</subfield>
      <subfield code="x">image</subfield>
      <subfield code="x"></subfield>
      <subfield code="x">yg867hg1375:Francis E. Stafford photographs, 1909-1933</subfield>
    </datafield>
  </record>