
  <record>
    <leader>01541cai a2200349Ia 4500</leader>
    <controlfield tag="001">amanagedPurlItem3Collections</controlfield>
    <controlfield tag="008">040727c20049999nyuuu dss     0    2eng d</controlfield>
    <datafield tag="245" ind1="0" ind2="0">
      <subfield code="a">Managed PURL Item with 3 Collections</subfield>
    </datafield>
    <datafield tag="856" ind1="4" ind2="0">
      <subfield code="u">http://purl.stanford.edu/wd297xz1362</subfield>
      <subfield code="x">SDR-PURL</subfield>
      <subfield code="x">item</subfield>
      <subfield code="x">citation</subfield>
      <subfield code="x"></subfield>
      <subfield code="x">yg867hg1375:Francis E. Stafford photographs, 1909-1933</subfield>
      <subfield code="x">aa000bb1111:Test Collection, 1963-2015</subfield>
      <subfield code="x">yy000zz1111:Test Collection2, 1968-2015</subfield>
    </datafield>
  </record>