
  <record>
    <leader>01541cai a2200349Ia 4500</leader>
    <controlfield tag="001">aNoManagedPurlItem</controlfield>
    <controlfield tag="008">040727c20049999nyuuu dss     0    2eng d</controlfield>
    <datafield tag="245" ind1="0" ind2="0">
      <subfield code="a">No Managed PURL</subfield>
    </datafield>
    <datafield tag="856" ind1="4" ind2="0">
      <subfield code="u">http://purl.stanford.edu/ct961sj2730</subfield>
      <subfield code="x">DDR-PURL</subfield>
      <subfield code="x">item</subfield>
      <subfield code="x">image</subfield>
      <subfield code="x"></subfield>
      <subfield code="x">aa000bb1111:Test Collection, 1963-2015</subfield>
    </datafield>
  </record>