
  <record>
    <leader>01541cai a2200349Ia 4500</leader>
    <controlfield tag="001">aManagedAnd2UnmanagedPurlCollection</controlfield>
    <controlfield tag="008">040727c20049999nyuuu dss     0    2eng d</controlfield>
    <datafield tag="245" ind1="0" ind2="0">
      <subfield code="a">Managed And Two Unmanaged 856</subfield>
    </datafield>
    <datafield tag="856" ind1="4" ind2="0">
      <subfield code="u">http://purl.stanford.edu/yy000zz0000</subfield>
      <subfield code="x">DDR-PURL</subfield>
      <subfield code="x">collection</subfield>
      <subfield code="x">book</subfield>
      <subfield code="x"></subfield>
    </datafield>
    <datafield tag="856" ind1="4" ind2="0">
      <subfield code="u">http://purl.stanford.edu/ct961sj2730</subfield>
      <subfield code="x">SDR-PURL</subfield>
      <subfield code="x">collection</subfield>
      <subfield code="x">image</subfield>
      <subfield code="x"></subfield>
    </datafield>
    <datafield tag="856" ind1="4" ind2="0">
      <subfield code="u">http://purl.stanford.edu/aa000bb1111</subfield>
      <subfield code="x">DDR-PURL</subfield>
      <subfield code="x">collection</subfield>
      <subfield code="x">image</subfield>
      <subfield code="x"></subfield>
    </datafield>
  </record>

</collection>